@article{ozaki1986reconstruction,
  title={Reconstruction of chronic massive rotator cuff tears with synthetic materials},
  author={OZAKI, JIRO and Fujimoto, SEI and MASUHARA, KENJI and TAMAI, SUSUMU and YOSHIMOTO, SHIGENORI},
  journal={Clinical Orthopaedics and Related Research{\textregistered}},
  volume={202},
  pages={173--183},
  year={1986},
  publisher={LWW}
}

@article{yamaguchi2006demographic,
  title={The demographic and morphological features of rotator cuff disease: a comparison of asymptomatic and symptomatic shoulders},
  author={Yamaguchi, Ken and Ditsios, Konstantinos and Middleton, William D and Hildebolt, Charles F and Galatz, Leesa M and Teefey, Sharlene A},
  journal={JBJS},
  volume={88},
  number={8},
  pages={1699--1704},
  year={2006},
  publisher={LWW}
}

@article{longo2021retear,
  title={Retear rates after rotator cuff surgery: a systematic review and meta-analysis},
  author={Longo, Umile Giuseppe and Carnevale, Arianna and Piergentili, Ilaria and Berton, Alessandra and Candela, Vincenzo and Schena, Emiliano and Denaro, Vincenzo},
  journal={BMC Musculoskeletal Disorders},
  volume={22},
  number={1},
  pages={749},
  year={2021},
  publisher={Springer}
}

@article{cobb2022rotator,
  title={Rotator cuff repair with patch augmentation: what do we know?},
  author={Cobb, Timothy E and Dimock, Richard AC and Memon, Sahib D and Consigliere, Paolo and Ajami, Sam and Imam, Mohamed and Narvani, A Ali},
  journal={Archives of Bone and Joint Surgery},
  volume={10},
  number={10},
  pages={833},
  year={2022}
}

@article{de2022benefits,
  title={Benefits of patch augmentation on rotator cuff repair: a systematic review and meta-analysis},
  author={de Andrade, Andr{\'e} Lu{\'\i}s Lugnani and Garcia, Thiago Alves and Brandao, Henrique de Sancti and Sardeli, Amanda Veiga and Mouraria, Guilherme Grisi and Belangero, William Dias},
  journal={Orthopaedic journal of sports medicine},
  volume={10},
  number={3},
  pages={23259671211071146},
  year={2022},
  publisher={SAGE Publications Sage CA: Los Angeles, CA}
}

@article{shea2012biomechanical,
  title={A biomechanical analysis of gap formation and failure mechanics of a xenograft-reinforced rotator cuff repair in a cadaveric model},
  author={Shea, Kevin P and Obopilwe, Elifho and Sperling, John W and Iannotti, Joseph P},
  journal={Journal of shoulder and elbow surgery},
  volume={21},
  number={8},
  pages={1072--1079},
  year={2012},
  publisher={Elsevier}
}

@article{hakimi2013synthetic,
  title={Synthetic and degradable patches: an emerging solution for rotator cuff repair},
  author={Hakimi, Osnat and Mouthuy, Pierre-Alexis and Carr, Andrew},
  journal={International journal of experimental pathology},
  volume={94},
  number={4},
  pages={287--292},
  year={2013},
  publisher={Wiley Online Library}
}

@article{barber2008ultimate,
  title={Ultimate tensile failure loads of a human dermal allograft rotator cuff augmentation},
  author={Barber, F Alan and Herbert, Morley A and Boothby, Michael H},
  journal={Arthroscopy: the journal of arthroscopic \& related surgery},
  volume={24},
  number={1},
  pages={20--24},
  year={2008},
  publisher={Elsevier}
}

@article{mehta2020biomechanical,
  title={Biomechanical effects of fiber patch augmentation on rotator cuff repairs},
  author={Mehta, Vishal Mahul and Mandala, Cassie L and Shriver, Ryan J and Benson, Melanie},
  journal={Orthopedics},
  volume={43},
  number={1},
  pages={42--45},
  year={2020},
  publisher={SLACK Incorporated Thorofare, NJ}
}

@article{derwin2006commercial,
  title={Commercial extracellular matrix scaffolds for rotator cuff tendon repair: biomechanical, biochemical, and cellular properties},
  author={Derwin, Kathleen A and Baker, Andrew R and Spragg, Rebecca K and Leigh, Diane R and Iannotti, Joseph P},
  journal={JBJS},
  volume={88},
  number={12},
  pages={2665--2672},
  year={2006},
  publisher={LWW}
}

@article{chaudhury2012tensile,
  title={Tensile and shear mechanical properties of rotator cuff repair patches},
  author={Chaudhury, Salma and Holland, Chris and Thompson, Mark S and Vollrath, Fritz and Carr, Andrew J},
  journal={Journal of shoulder and elbow surgery},
  volume={21},
  number={9},
  pages={1168--1176},
  year={2012},
  publisher={Elsevier}
}

@article{vunjak2004tissue,
  title={Tissue engineering of ligaments},
  author={Vunjak-Novakovic, G and Altman, Gregory and Horan, Rebecca and Kaplan, David L},
  journal={Annu. Rev. Biomed. Eng.},
  volume={6},
  number={1},
  pages={131--156},
  year={2004},
  publisher={Annual Reviews}
}